@book{ref1,
	author = {Fernando Gabucio Cerezo},
	title = {Psicolog\'ia del Pensamiento},
	journal = { },
	volume = { },
	year = { },
	pages = {16--19}
}

@article{ref2,
	author = {Job Ram\'on de la O Ch\'avez},
	title = {Interfaz Cerebro -- Computadora para el Control de un Cursor Basado en Ondas Cerebrales},
	school = {Universidad Aut\'onoma Metropilitana Azcapotzalco},
	journal = { },
	volume = { },
	year = { },
	pages = {16--19}
}
	