@book{2012bci,
  title={Brain-Computer Interface: High-impact Emerging Technology - What You Need to Know: Definitions, Adoptions, Impact, Benefits, Maturity, Vendors},
  author={Roebuck, K.},
  isbn={9781743044612},
  url={https://books.google.com.mx/books?id=PSoQBwAAQBAJ},
  year={2012},
  publisher={Emereo Publishing}
}

@misc{emokit,
  title = {Emokit},
  author = {Brocious, Cody and Machulis, Kyle},
  month = may,
  year = {2015},
  howpublished={\url{http://www.openyou.org}}
}

@misc{Emotiv:Wiki:Online,
   author = {Varios Autores},
   title = {Emotiv Systems},
   month = may,   
   year = {2015},
   howpublished={\url{http://en.wikipedia.org/wiki/Emotiv_Systems}}
}

@misc{G-TEC:Online,
  author = {Varios Autores},
  title = {G-TEC biosignal amplifier g.BSamp},
  month = may,
  year = {2015},
  howpublished = {\url{http://www.gtec.at/Products/Hardware-and-Accessories/g.BSamp-Specs-Features}}
}

@misc{ROS:Wiki:Online,
  author = {Varios Autores},
  title = {ROS.org},
  month = may,
  year = {2015},
  howpublished = {\url{http://wiki.ros.org/es}}
}  
  
@inproceedings{stytsenko2011evaluation,
  title={Evaluation of consumer EEG device Emotiv EPOC},
  author={Stytsenko, Kirill and Jablonskis, Evaldas and Prahm, Cosima},
  booktitle={MEi: CogSci Conference 2011, Ljubljana},
  year={2011}
}

@book{ref1,
	author = {Fernando Gabucio Cerezo},
	title = {Psicolog\'ia del Pensamiento},
	journal = { },
	volume = { },
	year = { },
	pages = {16--19}
}

@article{intcerebro,
	author = {Job Ram\'on de la O Ch\'avez},
	title = {Interfaz Cerebro -- Computadora para el Control de un Cursor Basado en Ondas Cerebrales},
	school = {Universidad Aut\'onoma Metropilitana Azcapotzalco},
	journal = { },
	volume = { },
	year = { },
	pages = {16--19}
}

@article{seniorepoc,
  title={EPOC-alypse Mind Controlled Car},
  author={Senior Design, I}
}

@article{raza2012ssvep,
  title={SSVEP based EEG Interface for Google Street View Navigation},
  author={Raza, Asim},
  year={2012}
}

@inproceedings{2009ros,
  title={ROS: an open-source Robot Operating System},
  author={Quigley, Morgan and Conley, Ken and Gerkey, Brian and Faust, Josh and Foote, Tully and Leibs, Jeremy and Wheeler, Rob and Ng, Andrew Y},
  booktitle={ICRA workshop on open source software},
  volume={3},
  number={3.2},
  pages={5},
  year={2009}
}

@inproceedings{kranz2010things,
  title={Things that twitter: social networks and the internet of things},
  author={Kranz, Matthias and Roalter, Luis and Michahelles, Florian},
  booktitle={What can the Internet of Things do for the Citizen (CIoT) Workshop at The Eighth International Conference on Pervasive Computing (Pervasive 2010)},
  pages={1--10},
  year={2010}
}

@misc{img:invasive-bci,
  author = {Varios Autores},
  title = {neurogadget.com},
  month = may,
  year = {2015},
  howpublished = {\url{http://neurogadget.com/2011/04/08/implanted-bci-detects-when-patients-think-of-specific-sounds/1780}}
}  

@misc{emotiv:Online,
  author = {Varios Autores},
  title = {emotiv.com},
  month = may,
  year = {2015},
  howpublished = {\url{https://emotiv.com/}}
}  

@article{sanner1999python,
  title={Python: a programming language for software integration and development},
  author={Sanner, Michel F and others},
  journal={J Mol Graph Model},
  volume={17},
  number={1},
  pages={57--61},
  year={1999},
  publisher={Citeseer}
}

@article{invasiveBCI2,
  title={Methods Towards Invasive Human Brian Computer Interfaces},
  author={Lal, Thomas Navin and Hinterberger, Thilo and Widman, Guido and Schr{\"o}der, Michael and Hill, Jeremy and Rosenstiel, Wolfgang and Elger, Christian and Sch{\"o}lkopf, Bernhard and Birbaumer, Niels},
  year={2005}
}

@article{invasiveBCI1,
  title={Brain Computer Interface and its Types - A Study},
  author={Anupama. H. S, Cauvery. N. K, G. M. Lingaraju},
  year={2012}
} 

@misc{SCP:Online,
  author = {Varios Autores},
  title = {Biofeedback Federation of Europe},
  month = may,
  year = {2015},
  howpublished = {\url{https://biofeedbackfederationofeurope.blogspot.mx/2014/04/introduction-to-slow-cortical.html}}
}  

@article{birbaumer2006breaking,
  title={Breaking the silence: brain--computer interfaces (BCI) for communication and motor control},
  author={Birbaumer, Niels},
  journal={Psychophysiology},
  volume={43},
  number={6},
  pages={517--532},
  year={2006},
  publisher={Wiley Online Library}
}

@article{asimbaya2014diseno,
  title={Dise{\~n}o e implementaci{\'o}n de un prototipo brain computer interface (BCI), para la manipulaci{\'o}n de una pinza rob{\'o}tica utilizando comunicaci{\'o}n Bluetooth.},
  author={Asimbaya Molina, Javier Danilo and Suasnavas Tip{\'a}n, Juan Andr{\'e}s},
  year={2014}
}

@article{gordo2009interfaz,
  title={Interfaz BCI de altas prestaciones basada en la detecci{\'o}n y procesamiento de la actividad cerebral (BCI-DEPRACAP)},
  author={Gordo, Miguel {\'A}ngel L{\'o}pez},
  year={2009}
}